@unpublished{kontorovich2011,
	author = {Alex Kontorovich},
	title = {EXPOSITORY NOTE: An Arithmetic Surface},
	date = {2011},
	OPTurl = {https://sites.math.rutgers.edu/~alexk/files/UniformLattice.pdf}
}