@misc{kontorovich2017geometry,
	title={Geometry and Arithmetic of Crystallographic Sphere Packings}, 
	author={Alex Kontorovich and Kei Nakamura},
	year={2017},
	eprint={1712.00147},
	archivePrefix={arXiv},
	primaryClass={math.MG}
}